














@book{slichter2013principles,
 title={Principles of magnetic resonance},
  author={Slichter, Charles P},
  volume={1},
  year={2013},
  publisher={Springer Science \& Business Media}
}

@article{macfarlane2015implanted,
  title={Implanted-ion $\beta$NMR: A new probe for nanoscience},
  author={MacFarlane, WA},
  journal={Solid state nuclear magnetic resonance},
  volume={68},
  pages={1--12},
  year={2015},
  publisher={Elsevier}
}

@article{chatzichristos2017determination,
  title={Determination of the nature of fluctuations using $\^{} 8Li $ and $\^{} 9Li $ $$\backslash$beta $-NMR and spin-lattice relaxation},
  author={Chatzichristos, A and McFadden, RML and Karner, VL and Cortie, DL and Levy, CDP and MacFarlane, WA and Morris, GD and Pearson, MR and Salman, Z and Kiefl, RF},
  journal={arXiv preprint arXiv:1703.10156},
  year={2017}
}

@incollection{morris2013beta,
  title={$\beta$-NMR},
  author={Morris, Gerald D},
  booktitle={ISAC and ARIEL: The TRIUMF Radioactive Beam Facilities and the Scientific Program},
  pages={173--182},
  year={2013},
  publisher={Springer}
}

@article{salman2004beta,
  title={$\beta$-detected nuclear quadrupole resonance with a low-energy beam of Li+ 8},
  author={Salman, Z and Reynard, EP and MacFarlane, WA and Chow, KH and Chakhalian, J and Kreitzman, SR and Daviel, S and Levy, CDP and Poutissou, R and Kiefl, RF},
  journal={Physical Review B},
  volume={70},
  number={10},
  pages={104404},
  year={2004},
  publisher={APS}
}